%%%%%%%%%%%%%%%%%%%%%%%%%%%%%%%%%%%%%%%%%%%%%%%%%%%%%%%%%%%%%%%%%%%%%%%%%%%%%%%%
% BIBLIOGRAFÍA                                                                 %
%                                                                              %
% Objetivo: Recopilar las referencias a información utilizadas y/o algunas     %
%           otras que puedan resultar interesantes                             %
%%%%%%%%%%%%%%%%%%%%%%%%%%%%%%%%%%%%%%%%%%%%%%%%%%%%%%%%%%%%%%%%%%%%%%%%%%%%%%%%

@article{GarridoJurado2014,
  doi = {10.1016/j.patcog.2014.01.005},
  url = {https://doi.org/10.1016/j.patcog.2014.01.005},
  year = {2014},
  month = jun,
  publisher = {Elsevier {BV}},
  volume = {47},
  number = {6},
  pages = {2280--2292},
  author = {S. Garrido-Jurado and R. Mu{\~{n}}oz-Salinas and F.J. Madrid-Cuevas and M.J. Mar{\'{\i}}n-Jim{\'{e}}nez},
  title = {Automatic generation and detection of highly reliable fiducial markers under occlusion},
  journal = {Pattern Recognition}
}

@article{kontaxakis2002reconstruccion,
  title={Reconstrucci{\'o}n de imagen en tomograf{\'\i}a por emisi{\'o}n de positrones},
  author={Kontaxakis, G and Vaquero L{\'o}pez, Juan Jos{\'e} and Santos, Andr{\'e}s},
  journal={Revista de la Real Academia de las Ciencias Exactas, F{\'\i}sicas y Naturales},
  year={2002},
  publisher={Real Academia de las Ciencias Exactas, F{\'\i}sicas y Naturales}
}
@article{Willemink2013,
  doi = {10.1007/s00330-012-2765-y},
  url = {https://doi.org/10.1007/s00330-012-2765-y},
  year = {2013},
  month = jan,
  publisher = {Springer Science and Business Media {LLC}},
  volume = {23},
  number = {6},
  pages = {1623--1631},
  author = {Martin J. Willemink and Pim A. de Jong and Tim Leiner and Linda M. de Heer and Rutger A. J. Nievelstein and Ricardo P. J. Budde and Arnold M. R. Schilham},
  title = {Iterative reconstruction techniques for computed tomography Part 1: Technical principles},
  journal = {European Radiology}
}

@article{IglesiasGuitian2022,
  doi = {10.1109/tvcg.2020.3037680},
  url = {https://doi.org/10.1109/tvcg.2020.3037680},
  year = {2022},
  month = jul,
  publisher = {Institute of Electrical and Electronics Engineers ({IEEE})},
  volume = {28},
  number = {7},
  pages = {2734--2747},
  author = {Jose A. Iglesias-Guitian and Prajita Mane and Bochang Moon},
  title = {Real-Time Denoising of Volumetric Path Tracing for Direct Volume Rendering},
  journal = {{IEEE} Transactions on Visualization and Computer Graphics}
}

@incollection{Botha2014,
  doi = {10.1007/978-1-4471-6497-5_23},
  url = {https://doi.org/10.1007/978-1-4471-6497-5_23},
  year = {2014},
  publisher = {Springer London},
  pages = {265--282},
  author = {C. P. Botha and B. Preim and A. E. Kaufman and S. Takahashi and A. Ynnerman},
  title = {From Individual to Population: Challenges in Medical Visualization},
  booktitle = {Mathematics and Visualization}
}
@article{Sielhorst2008,
  doi = {10.1109/jdt.2008.2001575},
  url = {https://doi.org/10.1109/jdt.2008.2001575},
  year = {2008},
  month = dec,
  publisher = {Institute of Electrical and Electronics Engineers ({IEEE})},
  volume = {4},
  number = {4},
  pages = {451--467},
  author = {Tobias Sielhorst and Marco Feuerstein and Nassir Navab},
  title = {Advanced Medical Displays: A Literature Review of Augmented Reality},
  journal = {Journal of Display Technology}
}
@article{Azuma1997,
  doi = {10.1162/pres.1997.6.4.355},
  url = {https://doi.org/10.1162/pres.1997.6.4.355},
  year = {1997},
  month = aug,
  publisher = {{MIT} Press - Journals},
  volume = {6},
  number = {4},
  pages = {355--385},
  author = {Ronald T. Azuma},
  title = {A Survey of Augmented Reality},
  journal = {Presence: Teleoperators and Virtual Environments}
}

@article{MoretaMartinez2020,
  doi = {10.3791/60618},
  url = {https://doi.org/10.3791/60618},
  year = {2020},
  month = jan,
  publisher = {{MyJove} Corporation},
  number = {155},
  author = {Rafael Moreta-Martinez and David Garc{\'{\i}}a-Mato and M{\'{o}}nica Garc{\'{\i}}a-Sevilla and Rub{\'{e}}n P{\'{e}}rez-Ma{\~{n}}anes and Jos{\'{e}} A. Calvo-Haro and Javier Pascau},
  title = {Combining Augmented Reality and 3D Printing to Display Patient Models on a Smartphone},
  journal = {Journal of Visualized Experiments}
}
@article{Kroes2012,
  doi = {10.1371/journal.pone.0038586},
  url = {https://doi.org/10.1371/journal.pone.0038586},
  year = {2012},
  month = jul,
  publisher = {Public Library of Science ({PLoS})},
  volume = {7},
  number = {7},
  pages = {e38586},
  author = {Thomas Kroes and Frits H. Post and Charl P. Botha},
  editor = {Xi-Nian Zuo},
  title = {Exposure Render: An Interactive Photo-Realistic Volume Rendering Framework},
  journal = {{PLoS} {ONE}}
}

@article{Max1995,
  doi = {10.1109/2945.468400},
  url = {https://doi.org/10.1109/2945.468400},
  year = {1995},
  month = jun,
  publisher = {Institute of Electrical and Electronics Engineers ({IEEE})},
  volume = {1},
  number = {2},
  pages = {99--108},
  author = {N. Max},
  title = {Optical models for direct volume rendering},
  journal = {{IEEE} Transactions on Visualization and Computer Graphics}
}
@article{Daz2015,
  doi = {10.1007/s00371-015-1151-6},
  url = {https://doi.org/10.1007/s00371-015-1151-6},
  year = {2015},
  month = sep,
  publisher = {Springer Science and Business Media {LLC}},
  volume = {33},
  number = {1},
  pages = {47--61},
  author = {Jose D{\'{\i}}az and Timo Ropinski and Isabel Navazo and Enrico Gobbetti and Pere-Pau V{\'{a}}zquez},
  title = {An experimental study on the effects of shading in 3D perception of volumetric models},
  journal = {The Visual Computer}
}

@inproceedings{Englund2016,
  doi = {10.1145/3002151.3002164},
  url = {https://doi.org/10.1145/3002151.3002164},
  year = {2016},
  month = nov,
  publisher = {{ACM}},
  author = {Rickard Englund and Timo Ropinski},
  title = {Evaluating the perception of semi-transparent structures in direct volume rendering techniques},
  booktitle = {{SIGGRAPH} {ASIA} 2016 Symposium on Visualization}
}
@article{Lindemann2011,
  doi = {10.1109/tvcg.2011.161},
  url = {https://doi.org/10.1109/tvcg.2011.161},
  year = {2011},
  month = dec,
  publisher = {Institute of Electrical and Electronics Engineers ({IEEE})},
  volume = {17},
  number = {12},
  pages = {1922--1931},
  author = {F. Lindemann and T. Ropinski},
  title = {About the Influence of Illumination Models on Image Comprehension in Direct Volume Rendering},
  journal = {{IEEE} Transactions on Visualization and Computer Graphics}
}

@article{Milgram1994ATO,
  title={A Taxonomy of Mixed Reality Visual Displays},
  author={Paul Milgram and Fumio Kishino},
  journal={IEICE Transactions on Information and Systems},
  year={1994},
  volume={77},
  pages={1321-1329}
}

@incollection{Carmigniani2011,
  doi = {10.1007/978-1-4614-0064-6_1},
  url = {https://doi.org/10.1007/978-1-4614-0064-6_1},
  year = {2011},
  publisher = {Springer New York},
  pages = {3--46},
  author = {Julie Carmigniani and Borko Furht},
  title = {Augmented Reality: An Overview},
  booktitle = {Handbook of Augmented Reality}
}
@article{Venkatesan2021,
  doi = {10.1016/j.xcrm.2021.100348},
  url = {https://doi.org/10.1016/j.xcrm.2021.100348},
  year = {2021},
  month = jul,
  publisher = {Elsevier {BV}},
  volume = {2},
  number = {7},
  pages = {100348},
  author = {Mythreye Venkatesan and Harini Mohan and Justin R. Ryan and Christian M. Sch\"{u}rch and Garry P. Nolan and David H. Frakes and Ahmet F. Coskun},
  title = {Virtual and augmented reality for biomedical applications},
  journal = {Cell Reports Medicine}
}

@misc{yan_dong_su_han_song_wei_shi_2018, 
 title={A review of 3D printing technology for Medical Applications}, url={https://www.sciencedirect.com/science/article/pii/S2095809917306756},
 journal={Engineering},
 publisher={Elsevier},
 author={Yan, Qian and Dong, Hanhua and Su, Jin and Han, Jianhua and Song, Bo and Wei, Qingsong and Shi, Yusheng},
 year={2018},
 month={Aug}
}
@article{ChanaRodrguez2016,
  doi = {10.1016/j.injury.2016.08.027},
  url = {https://doi.org/10.1016/j.injury.2016.08.027},
  year = {2016},
  month = nov,
  publisher = {Elsevier {BV}},
  volume = {47},
  number = {11},
  pages = {2507--2511},
  author = {Francisco Chana-Rodr{\'{\i}}guez and Rub{\'{e}}n P{\'{e}}rez Ma{\~{n}}anes and Jos{\'{e}} Rojo-Manaute and Pablo Gil and Jos{\'{e}} Mar{\'{\i}}a Mart{\'{\i}}nez-G{\'{o}}miz and Javier Vaquero-Mart{\'{\i}}n},
  title = {3D surgical printing and pre contoured plates for acetabular fractures},
  journal = {Injury}
}

@article{Gonzalez_Alvarez_2021,
	doi = {10.1108/rpj-08-2019-0208},
	url = {https://doi.org/10.1108\%2Frpj-08-2019-0208},
	year = 2021,
	month = {jan},
	publisher = {Emerald},
	volume = {27},
	number = {2},
	pages = {304--310},
	author = {Alba Gonzalez Alvarez and Peter Ll. Evans and Lawrence Dovgalski and Ira Goldsmith},
	title = {Design, additive manufacture and clinical application of a patient-specific titanium implant to anatomically reconstruct a large chest wall defect},
	journal = {Rapid Prototyping Journal}
}
@article{muniz2006introduccion,
  title={Introducci{\'o}n a la tomograf{\'\i}a computarizada},
  author={Mu{\~n}iz, S Hern{\'a}ndez and Casanovas, M Mitjavila},
  journal={Revista Espa{\~n}ola de Medicina Nuclear},
  volume={25},
  number={3},
  pages={206--214},
  year={2006},
  publisher={Elsevier Doyma}
}

@article{Mildenberger2001,
  doi = {10.1007/s003300101100},
  url = {https://doi.org/10.1007/s003300101100},
  year = {2001},
  month = sep,
  publisher = {Springer Science and Business Media {LLC}},
  volume = {12},
  number = {4},
  pages = {920--927},
  author = {Peter Mildenberger and Marco Eichelberg and Eric Martin},
  title = {Introduction to the {DICOM} standard},
  journal = {European Radiology}
}

@article{zahera2012fabricacion,
  title={La fabricaci{\'o}n aditiva, tecnolog{\'\i}a avanzada para el dise{\~n}o y el desarrollo de productos},
  author={Zahera, Manuel},
  journal={Econom{\'\i}a Industrial},
  number={386},
  pages={71--76},
  year={2012}
}
@article{Chen2021,
  doi = {10.1186/s41205-020-00091-4},
  url = {https://doi.org/10.1186/s41205-020-00091-4},
  year = {2021},
  month = jan,
  publisher = {Springer Science and Business Media {LLC}},
  volume = {7},
  number = {1},
  author = {Joshua V. Chen and Alan B. C. Dang and Alexis Dang},
  title = {Comparing cost and print time estimates for six commercially-available 3D printers obtained through slicing software for clinically relevant anatomical models},
  journal = {3D Printing in Medicine}
}
@article{welch2020kalman,
  title={Kalman filter},
  author={Welch, Gregory F},
  journal={Computer Vision: A Reference Guide},
  pages={1--3},
  year={2020},
  publisher={Springer}
}
@misc{mebius2007derivation,
      title={Derivation of the Euler-Rodrigues formula for three-dimensional rotations from the general formula for four-dimensional rotations}, 
      author={Johan Ernest Mebius},
      year={2007},
      eprint={math/0701759},
      archivePrefix={arXiv},
      primaryClass={math.GM}
}
